<?xml version="1.0" encoding="UTF-8"?><collection xmlns="http://www.loc.gov/MARC21/slim"><record><leader>00457nam--2200181-u-4500</leader><controlfield tag="001">000051745</controlfield><controlfield tag="002">20161230</controlfield><controlfield tag="005">20161230201049</controlfield><controlfield tag="008">080922s1000------------r-----000-0-eng-d</controlfield><datafield ind1=" " ind2=" " tag="040"><subfield code="a">IFIN-HH</subfield></datafield><datafield ind1=" " ind2=" " tag="080"><subfield code="a">517.94</subfield></datafield><datafield ind1="1" ind2=" " tag="100"><subfield code="a">Forsyth,A.R</subfield></datafield><datafield ind1="1" ind2="0" tag="245"><subfield code="a">Theory of differentioal equations. Ordinary linear equations</subfield></datafield><datafield ind1=" " ind2=" " tag="260"><subfield code="a">Cambridge</subfield><subfield code="b">Univ.Press</subfield><subfield code="c">1902</subfield></datafield><datafield ind1=" " ind2=" " tag="300"><subfield code="a">534 p</subfield></datafield><datafield ind1=" " ind2=" " tag="490"><subfield code="v">Part.III</subfield></datafield><datafield ind1=" " ind2=" " tag="852"><subfield code="a">456</subfield><subfield code="c">517.9</subfield></datafield><datafield ind1=" " ind2=" " tag="CAT"><subfield code="a">Sys</subfield><subfield code="c">20080922</subfield><subfield code="h">085526</subfield></datafield></record></collection>